<?xml version="1.0" encoding="UTF-8"?><collection xmlns="http://www.loc.gov/MARC21/slim"><record><leader>00326nam--2200121-i-4500</leader><controlfield tag="001">000047834</controlfield><controlfield tag="002">20161230</controlfield><controlfield tag="005">20161230201046</controlfield><controlfield tag="008">060222s1000------------r-----000-0-eng-d</controlfield><datafield ind1=" " ind2=" " tag="100"><subfield code="a">Wunderly, Ch</subfield></datafield><datafield ind1=" " ind2=" " tag="245"><subfield code="a">Die papier elektrophorese. methoden und ergebnisse</subfield></datafield><datafield ind1=" " ind2=" " tag="260"><subfield code="a">Frankfurt Am Main, Sauerlander, 1954, 128p</subfield></datafield><datafield ind1=" " ind2=" " tag="852"><subfield code="a">11624</subfield></datafield></record></collection>